<record><leader>00000cas a2200000 a 4500</leader><controlfield tag="001">12388007</controlfield><controlfield tag="008">850815d19451945ksuwr ne      0    0eng d</controlfield><datafield ind1=" " ind2=" " tag="010"><subfield code="a">sn 85029696 </subfield></datafield><datafield ind1=" " ind2=" " tag="040"><subfield code="a">KSH</subfield><subfield code="b">eng</subfield><subfield code="c">KSH</subfield><subfield code="d">NPT</subfield><subfield code="d">OCL</subfield><subfield code="d">OCLCQ</subfield></datafield><datafield ind1=" " ind2=" " tag="042"><subfield code="a">msc</subfield></datafield><datafield ind1="0" ind2="4" tag="245"><subfield code="a">The Phillips County review and the Phillips County leader.</subfield></datafield><datafield ind1=" " ind2=" " tag="260"><subfield code="a">Phillipsburg, Kan. :</subfield><subfield code="b">Boyd Family,</subfield><subfield code="c">1945.</subfield></datafield><datafield ind1=" " ind2=" " tag="300"><subfield code="a">1 v. :</subfield><subfield code="b">ill. ;</subfield><subfield code="c">53 cm.</subfield></datafield><datafield ind1=" " ind2=" " tag="310"><subfield code="a">Weekly</subfield></datafield><datafield ind1="0" ind2=" " tag="362"><subfield code="a">Vol. 24, no. 15 (Jan. 18, 1945)-v. 24, no. 31 (May 10, 1945).</subfield></datafield><datafield ind1=" " ind2=" " tag="752"><subfield code="a">United States</subfield><subfield code="b">Kansas</subfield><subfield code="c">Phillips</subfield><subfield code="d">Phillipsburg.</subfield></datafield><datafield ind1="0" ind2="4" tag="780"><subfield code="t">Phillips County review (Phillipsburg, Kan. : 1940)</subfield><subfield code="w">(DLC)sn 85029568</subfield></datafield><datafield ind1="0" ind2="4" tag="780"><subfield code="t">Phillips County leader</subfield><subfield code="w">(DLC)sn 85029673</subfield></datafield><datafield ind1="0" ind2="0" tag="785"><subfield code="t">Phillips County review (Phillipsburg, Kan. : 1945)</subfield><subfield code="w">(DLC)sn 85029692</subfield></datafield></record>